<record><leader>00000cas a22000007a 4500</leader><controlfield tag="001">1751997</controlfield><controlfield tag="008">751101d19661968mnuwr ne      0    0eng d</controlfield><datafield ind1=" " ind2=" " tag="010"><subfield code="a">sn 90059798 </subfield></datafield><datafield ind1=" " ind2=" " tag="040"><subfield code="a">MUL</subfield><subfield code="b">eng</subfield><subfield code="c">MUL</subfield><subfield code="d">MN#</subfield><subfield code="d">OCLCQ</subfield><subfield code="d">OCLCF</subfield><subfield code="d">OCLCO</subfield></datafield><datafield ind1="1" ind2=" " tag="029"><subfield code="a">AU@</subfield><subfield code="b">000025893403</subfield></datafield><datafield ind1=" " ind2=" " tag="042"><subfield code="a">msc</subfield></datafield><datafield ind1=" " ind2=" " tag="043"><subfield code="a">n-us-mn</subfield></datafield><datafield ind1=" " ind2=" " tag="052"><subfield code="a">4144</subfield><subfield code="b">H8</subfield><subfield code="b">E27</subfield><subfield code="b">M54</subfield></datafield><datafield ind1=" " ind2=" " tag="052"><subfield code="a">4143</subfield><subfield code="b">H4</subfield></datafield><datafield ind1="0" ind2=" " tag="130"><subfield code="a">Hennepin County review (Hopkins, Minn. : Hopkins-Eden Prairie-Minnetonka ed.)</subfield></datafield><datafield ind1="0" ind2="0" tag="245"><subfield code="a">Hennepin County review.</subfield></datafield><datafield ind1="3" ind2="0" tag="246"><subfield code="a">Hennepin County review (Hopkins ed.)</subfield></datafield><datafield ind1="3" ind2="0" tag="246"><subfield code="a">Hennepin County review (Eden Prairie-Minnetonka ed.)</subfield></datafield><datafield ind1=" " ind2=" " tag="250"><subfield code="a">Hopkins-Eden Prairie-Minnetonka ed.</subfield></datafield><datafield ind1=" " ind2=" " tag="260"><subfield code="a">Hopkins, Minn. :</subfield><subfield code="b">Minneapolis Suburban Newspapers,</subfield><subfield code="c">1966-1968.</subfield></datafield><datafield ind1=" " ind2=" " tag="300"><subfield code="a">2 v.</subfield></datafield><datafield ind1=" " ind2=" " tag="310"><subfield code="a">Weekly</subfield></datafield><datafield ind1="0" ind2=" " tag="362"><subfield code="a">Vol. 64, no. 4 (Dec. 8, 1966)-v. 65, no. 52 (Feb. 29, 1968).</subfield></datafield><datafield ind1=" " ind2=" " tag="500"><subfield code="a">Published periodically as two separate eds. : Hennepin County review (Hopkins ed.) and Hennepin County review (Eden Prairie-Minnetonka ed.).</subfield></datafield><datafield ind1=" " ind2="0" tag="651"><subfield code="a">Minnetonka (Minn.)</subfield><subfield code="v">Newspapers.</subfield></datafield><datafield ind1=" " ind2="0" tag="651"><subfield code="a">Hopkins (Minn.)</subfield><subfield code="v">Newspapers.</subfield></datafield><datafield ind1=" " ind2="0" tag="651"><subfield code="a">Eden Prairie (Minn.)</subfield><subfield code="v">Newspapers.</subfield></datafield><datafield ind1=" " ind2="7" tag="655"><subfield code="a">Newspapers.</subfield><subfield code="2">fast</subfield><subfield code="0">(OCoLC)fst01423814</subfield></datafield><datafield ind1=" " ind2="7" tag="651"><subfield code="a">Minnesota</subfield><subfield code="z">Eden Prairie.</subfield><subfield code="2">fast</subfield><subfield code="0">(OCoLC)fst01220168</subfield></datafield><datafield ind1=" " ind2="7" tag="651"><subfield code="a">Minnesota</subfield><subfield code="z">Hopkins.</subfield><subfield code="2">fast</subfield><subfield code="0">(OCoLC)fst01227769</subfield></datafield><datafield ind1=" " ind2="7" tag="651"><subfield code="a">Minnesota</subfield><subfield code="z">Minnetonka.</subfield><subfield code="2">fast</subfield><subfield code="0">(OCoLC)fst01227776</subfield></datafield><datafield ind1=" " ind2=" " tag="752"><subfield code="a">United States</subfield><subfield code="b">Minnesota</subfield><subfield code="c">Hennepin</subfield><subfield code="d">Hopkins.</subfield></datafield><datafield ind1=" " ind2=" " tag="752"><subfield code="a">United States</subfield><subfield code="b">Minnesota</subfield><subfield code="c">Hennepin</subfield><subfield code="d">Eden Prairie.</subfield></datafield><datafield ind1=" " ind2=" " tag="752"><subfield code="a">United States</subfield><subfield code="b">Minnesota</subfield><subfield code="c">Hennepin</subfield><subfield code="d">Minnetonka.</subfield></datafield><datafield ind1="0" ind2="4" tag="780"><subfield code="t">Hennepin County review (Hopkins, Minn. : Hopkins ed.)</subfield><subfield code="w">(DLC)sn 90059796</subfield></datafield><datafield ind1="0" ind2="4" tag="780"><subfield code="t">Hennepin County review (Hopkins, Minn. : Eden Prairie-Minnetonka ed.)</subfield><subfield code="w">(DLC)sn 90059799</subfield></datafield><datafield ind1="0" ind2="6" tag="785"><subfield code="t">Hopkins sun</subfield><subfield code="w">(DLC)sn 90059803</subfield></datafield><datafield ind1="0" ind2="6" tag="785"><subfield code="t">Minnetonka Eden Prairie sun</subfield><subfield code="w">(DLC)sn 90059798</subfield></datafield></record>